
@article{Warden-2018,
	Author = {Warden, Pete},
	Title = {{Speech Commands: A Dataset for Limited-Vocabulary Speech Recognition}},
	Booktitle = {{arXiv:1804.03209v1 [cs.CL] 9 Apr 2018}},
	Address = {{Mountain View, CA, US}},
	Month = apr,
	Year = {2018}
	}

@article{Huh-2020,
	Author = {Huh, Jaesun and Lee, Minjae and Heo, Heesoo and Mun, Seongkyu and Son Chung, Joon},
	Title = {{Metric Learning for Keyword Spotting}},
	Address = {{South Corea}},
	Booktitle = {{arXiv:2005.08776v1 [eess.AS] 18 May 292}},
	Month = may,
	Year = {2020}
	}
	
@article{Shannon-1948,
	Author = {C. E. Shannon},
	Title = {A mathematical theory of communication},
	Journal = {{The Bell System Technical Journal}},
	Volume = {27},
	Number = {3},
	Month = jul,
	Pages = {379-423},
	Year = {1948}
	}
	
@article{Boyd-2011,
	Author = {Stephen Boyd and Neal Parikh and Eric Chu and Borja Peleatoï¿½and Jonathan Eckstein},
	Title = {{Distributed Optimization and Statistical Learning via the Alternating Direction Method of Multipliers}},
	Journal = {{Foundations and Trends in Machine Learning}},
	Volume = {3},
	Number = {1},
	Month = jan,
	Pages = {1--122},
	Year = {2011}
	}

@article{Zordan-2014,
	Author = {Zordan, Davide and Martinez, Borja and Vilajosana, Ignasi and Rossi, Michele},
	Title = {{On the Performance of Lossy Compression Schemes for Energy Constrained Sensor Networking}},
	Journal = {{ACM Transactions on Sensor Networks}},
	Volume = {11},
	Number = {1},
	Pages = {15:1--15:34},
	Month = aug,
	Year = {2014}
	}
