
@article{Warden-2018,
	Author = {Warden, Pete},
	Title = {{Speech Commands: A Dataset for Limited-Vocabulary Speech Recognition}},
	Booktitle = {{arXiv:1804.03209v1 [cs.CL] 9 Apr 2018}},
	Address = {{Mountain View, CA, US}},
	Month = apr,
	Year = {2018}
	}

@article{Huh-2020,
	Author = {Huh, Jaesun and Lee, Minjae and Heo, Heesoo and Mun, Seongkyu and Son Chung, Joon},
	Title = {{Metric Learning for Keyword Spotting}},
	Address = {{South Corea}},
	Booktitle = {{arXiv:2005.08776v1 [eess.AS] 18 May 292}},
	Month = may,
	Year = {2020}
}